@MISC{vorlage,
	AUTHOR				= {autor},
	TITLE					= {title},
	MONTH					= {monat},
	YEAR					= {2004},
	HOWPUBLISHED 	= {Webseite},
	NOTE					= {Erreichbar unter:
										\url{http://www.intel.com/technology/mooreslaw/index.htm};
										besucht am 03. Juni 2010}
}

@ONLINE{DSchool,
    author = {Hasso Plattner Institute for Software Systems Engineering},
    title = {Hasso-Plattner-Institut: HPI School of Design Thinking},
    day = 17,
    month = jun,
    year = {2013},
    url = {http://www.hpi.uni-potsdam.de/d_school/home.html?L=1}
}

@book{Plattner_2009,
    author = "Hasso Plattner and Christoph Meinel and Ulrich Weinberg",
    title = "Design Thinking",
    publisher = "mi-Wirtschaftsbuch, München",
    year = 2009,
    isbn = "978-3-86880-013-5"
}

@unpublished{ReqSpec,
    author = "Tom Bocklisch and Dominic Bräunlein and Anita Dieckhoff and Tom Herold and Norman Rzepka and Thomas Werkmeister",
    title = "Software Requirements Specification",
    note = "Unpublished. Hasso Plattner Institute",
    year = 2013
}